
@book{womak:design-pattern,
	title   = {Design Patterns, prima edizione italiana},
	publisher = {Pearson},
	year    = {2002}
}

@book{womak:Angular,
	title   = {Architecting Angular
	Applications with Redux, RxJS,
	and NgRx},
	publisher = { Packt Publishing Ltd.},
	year    = {2018}
}

@book{womak:web,
	title   = {HTML5 CSS3 Javascript - Pellegrino Principe},
	publisher = {Apogeo},
	year    = {2012}
}

@online{site:AWS,
    title   = {AWS},
    url     = {https://aws.amazon.com/}
}

@online{site:Angular,
	title   = {Angular Docs},
	url     = {https://angular.io/docs}
}

@online{site:Typescript,
	title   = {Typescript},
	url     = {http://www.typescriptlang.org/}
}

@online{site:Angular,
	title   = {Angular Material},
	url     = {https://material.angular.io/}
}

@online{site:Zendesk,
	title   = {Zendesk Developer},
	url     = {https://developer.zendesk.com/}
}

@online{site:W3C,
	title   = {W3School},
	url     = {https://www.w3schools.com/}
}